<record><leader>00000cas a22000007a 4500</leader><controlfield tag="001">14258427</controlfield><controlfield tag="008">860924u1uuuuuuupaudn ne      0    0eng d</controlfield><datafield ind1=" " ind2=" " tag="010"><subfield code="a">sn 86083240 </subfield></datafield><datafield ind1=" " ind2=" " tag="040"><subfield code="a">NPH</subfield><subfield code="b">eng</subfield><subfield code="c">NPH</subfield><subfield code="d">OCLCQ</subfield></datafield><datafield ind1=" " ind2=" " tag="042"><subfield code="a">msc</subfield></datafield><datafield ind1="0" ind2="0" tag="245"><subfield code="a">Jeannette standard observer.</subfield></datafield><datafield ind1=" " ind2=" " tag="260"><subfield code="a">Irwin, Pa. :</subfield><subfield code="b">Westmoreland Journals, Inc.</subfield></datafield><datafield ind1=" " ind2=" " tag="300"><subfield code="a">v. :</subfield><subfield code="b">ill.</subfield></datafield><datafield ind1=" " ind2=" " tag="310"><subfield code="a">Daily (except Sunday)</subfield></datafield><datafield ind1=" " ind2=" " tag="500"><subfield code="a">"Serving Jeannette, Penn Twp., Penn Trafford, Harrison City, Hempfield Twp."</subfield></datafield><datafield ind1=" " ind2=" " tag="580"><subfield code="a">Regional edition of: Standard observer (Irwin, Pa. : 1979).</subfield></datafield><datafield ind1=" " ind2=" " tag="588"><subfield code="a">Description based on: Nov. 1, 1980.</subfield></datafield><datafield ind1=" " ind2=" " tag="752"><subfield code="a">United States</subfield><subfield code="b">Pennsylvania</subfield><subfield code="c">Westmoreland</subfield><subfield code="d">Irwin.</subfield></datafield><datafield ind1=" " ind2=" " tag="752"><subfield code="a">United States</subfield><subfield code="b">Pennsylvania</subfield><subfield code="c">Westmoreland</subfield><subfield code="d">Jeannette.</subfield></datafield><datafield ind1="1" ind2=" " tag="775"><subfield code="t">Standard observer (Irwin, Pa. : 1979)</subfield><subfield code="w">(DLC)sn 86083245</subfield></datafield><datafield ind1="1" ind2=" " tag="029"><subfield code="a">AU@</subfield><subfield code="b">000025819996</subfield></datafield></record>